@article{westfahl,
author = "Westfahl, Jr, Harry and Lordano Luiz, S{\'{e}}rgio A. and Meyer, Bernd C. and Meneau, Florian",
title = "{The coherent radiation fraction of low-emittance synchrotrons}",
journal = "Journal of Synchrotron Radiation",
year = "2017",
volume = "24",
number = "3",
pages = "566--575",
month = "May",
doi = {10.1107/S1600577517003058},
url = {https://doi.org/10.1107/S1600577517003058},
}

@article{Tanaka:85,
author = {Kazumasa Tanaka and Nobuhiro Saga and Koji Hauchi},
journal = {Appl. Opt.},
keywords = {Diffraction; Gaussian beams},
number = {8},
pages = {1098--1101},
publisher = {OSA},
title = {Focusing of a Gaussian beam through a finite aperture lens},
volume = {24},
month = {Apr},
year = {1985},
url = {http://ao.osa.org/abstract.cfm?URI=ao-24-8-1098},
doi = {10.1364/AO.24.001098},
}

@article{Goodman85,
author = {Douglas S. Goodman},
journal = {Appl. Opt.},
keywords = {Focal points},
number = {12},
pages = {1732--1732},
publisher = {OSA},
title = {Magnification equations for a two-lens system},
volume = {24},
month = {Jun},
year = {1985},
url = {http://ao.osa.org/abstract.cfm?URI=ao-24-12-1732},
doi = {10.1364/AO.24.001732},
abstract = {},
}

@article{Belland:82,
author = {P. Belland and J. P. Crenn},
journal = {Appl. Opt.},
keywords = {Apertures; Diffraction theory; Fresnel diffraction; Gaussian beams; Laser resonators; Optical elements},
number = {3},
pages = {522--527},
publisher = {OSA},
title = {Changes in the characteristics of a Gaussian beam weakly diffracted by a circular aperture},
volume = {21},
month = {Feb},
year = {1982},
url = {http://ao.osa.org/abstract.cfm?URI=ao-21-3-522},
doi = {10.1364/AO.21.000522},
}

@book{elleaume,
  title={Undulators, Wigglers and Their Applications},
  author={Onuki, H. and Elleaume, P.},
  isbn={9780203218235},
  year={2003},
  publisher={CRC Press}
}

@book{mandel_wolf,
  title={Optical Coherence and Quantum Optics},
  author={Mandel, L. and Wolf, E.},
  isbn={9780521417112},
  lccn={93488873},
  year={1995},
  publisher={Cambridge University Press}
}

@book{jackson,
  title={Classical electrodynamics},
  author={Jackson, J. D.},
  isbn={0-471-30932-X},
  year={1999},
  publisher={Wiley}
}

@article{coisson1997,
author = "Co{\"\i}sson, R. and Marchesini, S.",
title = "{Gauss{--}Schell Sources as Models for Synchrotron Radiation}",
journal = "J. Synchrotron Radiat.",
year = "1997",
volume = "4",
number = "5",
pages = "263--266",
month = "Sep",
doi = {10.1107/S0909049597008169},
url = {http://doi.org/10.1107/S0909049597008169},
abstract = {Gauss{--}Schell light sources are considered as models for synchrotron radiation. These sources can be viewed as random superpositions of coherent Gaussian beams. The relationships of the various widths that can be defined for the description of intensity and coherence, as related to the widths of the electron beam and the single-electron radiation (diffraction) pattern, are summarized. The description is also applied to the temporal coherence, which is of interest in the case of free-electron lasers.},
keywords = {free-electron lasers, coherence, Gauss-Schell model}
}

@article{Starikov82, 
author = {A. Starikov and E. Wolf}, 
journal = {J. Opt. Soc. Am.}, 
number = {7}, 
pages = {923--928}, 
publisher = {OSA},
title = {Coherent-mode representation of Gaussian Schell-model sources and of their radiation fields}, 
volume = {72}, 
month = {Jul},
year = {1982},
doi = {10.1364/JOSA.72.000923},
url = {http://doi.org/10.1364/JOSA.72.000923},
abstract = {A recently formulated theory of partial coherence in the space-frequency domain is used to determine the mode structure of an important class of partially coherent sources and of the radiation fields generated by them. The effective number of modes is found to depend in a fundamental way on the ratio of the coherence length to the effective size of the source. The contribution of the effective modes to the far-field intensity is also analyzed.},
}

@article{kim1986b,
title = "Brightness, coherence and propagation characteristics of synchrotron radiation",
journal = "Nuclear Instruments and Methods in Physics Research Section A: Accelerators, Spectrometers, Detectors and Associated Equipment",
volume = "246",
number = "1",
pages = "71 - 76",
year = "1986",
issn = "0168-9002",
doi = "10.1016/0168-9002(86)90048-3",
url = "https://doi.org/10.1016/0168-9002(86)90048-3",
author = "Kwang-Je Kim"
}


@article{glass2017,
  author={Glass, Mark and Sanchez del Rio, Manuel},
  title={Coherent modes of X-ray beams emitted by undulators in new storage rings},
  journal={EPL (Europhysics Letters)},
  volume={119},
  number={3},
  pages={34004},
  url={https://doi.org/10.1209/0295-5075/119/34004},
  doi = "{10.1209/0295-5075/119/34004}",
  year={2017},
}

@book{goodman,
  title={Statistical Optics},
  author={Goodman, J.W.},
  isbn={9780471015024},
  lccn={lc84013160},
  series={A Wiley-Interscience publication},
  year={1985},
  publisher={Wiley}
}

@book{born_wolf,
  title={Principles of Optics: Electromagnetic Theory of Propagation, Interference and Diffraction of Light},
  author={Born, M. and Wolf, E. and Bhatia, A.B.},
  isbn={9780521642224},
  lccn={98049429},
  year={1999},
  publisher={Cambridge University Press}
}

@Article{Chubar1998,
   author      = "O. Chubar and P. Elleaume",
   title       = "Accurate And Efficient Computation Of Synchrotron Radiation In The Near Field Region",
   journal     = "Proc. of the EPAC98 Conference", 
   year        = "1998",
   pages       = "1177-1179"
}

@article{srioLBL,
author = "Sanchez del Rio, Manuel and Wojdyla, Antoine and Goldberg, Kenneth A. and Cutler, Grant D. and Cocco, Daniele and Padmore, Howard A.",
title = "{Compensation of heat load deformations using adaptive optics for the ALS upgrade: a wave optics study}",
journal = "Journal of Synchrotron Radiation",
year = "2020",
volume = "27",
number = "5",
pages = "1141--1152",
month = "Sep",
doi = {10.1107/S1600577520009522},
url = {https://doi.org/10.1107/S1600577520009522}
}


@book{orangebook,
  title={ESRF Upragde programme phase II},
  author={Dimper, R. and Reichert, H. and Raimondi, P. and Sanchez Ortiz, L. and Sette, F. and Susini, J.},
  year={2014},
  pages = "75",
  publisher={ESRF}
}

@Misc{codeCOMSYL,
  title = {Comsyl},
  author = {Glass, M},
  year={2017},
  url  = 	 {https://www.github.com/oasys-kit/comsyl} 
}
@misc{pySRU,
  author = {Thery, S. and Glass, M. and and Sanchez del Rio, M},
  title = {Synchrotron Radiation Undulator emission in python},
  year = {2016},
  publisher = {GitHub},
  journal = {GitHub repository},
  url  = 	 {https://github.com/oasys-kit/pySRU}
}

@article{codeHYBRID,
author = "Shi, Xianbo and Reininger, Ruben and Sanchez del Rio, Manuel and Assoufid, Lahsen",
title = "{A hybrid method for X-ray optics simulation: combining geometric ray-tracing and wavefront propagation}",
journal = "Journal of Synchrotron Radiation",
year = "2014",
volume = "21",
number = "4",
pages = "669--678",
month = "Jul",
doi = {10.1107/S160057751400650X},
url = {https://doi.org/10.1107/S160057751400650X},
keywords = {hybrid method, beamline design, X-ray optics simulation, ray-tracing, wavefront propagation, partial coherence},
}

@article{codeSRW,
    author = {O. Chubar and P. Elleaume},
    title = {Accurate and efficient computation of synchrotron radiation in the near field region},
    journal = {Proceedings of the 6th European Particle Accelerator Conference - EPAC-98},
    pages = {1177--1179},
    url = {http://accelconf.web.cern.ch/AccelConf/e98/PAPERS/THP01G.PDF},
    year = {1998},
}

@article{codeSHADOW,
    author = {Sanchez del Rio, M. and Canestrari, N. and Jiang, F. and Cerrina, F.},
    title = {{\it SHADOW3}: a new version of the synchrotron X-ray optics modelling package},
    journal = {Journal of Synchrotron Radiation},
    url = {http://dx.doi.org/10.1117/12.893433},
    year = {2011},
    volume = {18},
    number = {5},
    pages = {708--716}
}

@article{codeSHADOWOUI,
    author = {Rebuffi, L. and Sanchez del Rio, M.},
    title = {{\it ShadowOui}: a new visual environment for X-ray optics and synchrotron beamline simulations},
    journal = {Journal of Synchrotron Radiation},
    url={https://doi.org/10.1107/S1600577516013837},
    year = {2016},
    volume = {23},
    number = {6},
    pages = {1357--1367},
    month = "November"
}

@article{codeOASYS,
  author = {Rebuffi, L. and Sanchez del Rio, M.},
  title = {{OASYS (OrAnge SYnchrotron Suite): an open-source graphical environment for x-ray virtual experiments}},
  journal = {Proc. SPIE},
  volume = {10388},
  number = {103880S},
  pages = {169--177},
  year = {2017},
  doi = {10.1117/12.2274263},
  URL = {http://doi.org/10.1117/12.2274263}
}

@article{hierarchical,
author = "Sanchez del Rio, Manuel and Celestre, Rafael and Glass, Mark and Pirro, Giovanni and Herrera, Juan Reyes and Barrett, Ray and da Silva, Julio Cesar and Cloetens, Peter and Shi, Xianbo and Rebuffi, Luca",
title = "{A hierarchical approach for modeling X-ray beamlines: application to a coherent beamline}",
journal = "Journal of Synchrotron Radiation",
year = "2019",
volume = "26",
number = "6",
pages = "1887--1901",
month = "Nov",
doi = {10.1107/S160057751901213X},
url = {https://doi.org/10.1107/S160057751901213X},
}

@book{elleaume,
  title={Undulators, Wigglers and Their Applications},
  author={Onuki, H. and Elleaume, P.},
  isbn={9780203218235},
  year={2003},
  publisher={CRC Press}
}

@book{Strehl,
  title={Theory of the Telescope Due to the Diffraction of Light},
  author={Strehl, K.W.},
  year={1894},
  publisher={Leipzig}
}

@article{Ichii2019,
  doi = {10.1063/1.5066105},
  url = {https://doi.org/10.1063/1.5066105},
  year = {2019},
  month = feb,
  publisher = {{AIP} Publishing},
  volume = {90},
  number = {2},
  pages = {021702},
  author = {Yoshio Ichii and Hiromi Okada and Hiroki Nakamori and Akihiko Ueda and Hiroyuki Yamaguchi and Satoshi Matsuyama and Kazuto Yamauchi},
  title = {Development of a glue-free bimorph mirror for use in vacuum chambers},
  journal = {Review of Scientific Instruments}
}

@article{Goldberg2016,
  doi = {10.1063/1.4950747},
  url = {https://doi.org/10.1063/1.4950747},
  year = {2016},
  month = may,
  publisher = {{AIP} Publishing},
  volume = {87},
  number = {5},
  pages = {051805},
  author = {Kenneth A. Goldberg and Valeriy V. Yashchuk},
  title = {Optimized mirror shape tuning using beam weightings based on distance,  angle of incidence,  reflectivity,  and power},
  journal = {Review of Scientific Instruments}
}

@article{ken_spie,
author = {Kenneth A. Goldberg and Antoine Wojdyla and Diane Bryant and Weilun Chao and Daniele Cocco and Corey Hardin and Daniel Morton and May Ling Ng and Lance Lee and Lahsen Assoufid and Walan Grizolli and Xianbo Shi and Steve P. Kearney and Michael Wojcik and Yuri Shvyd'ko and Deming Shu and Mourad Idir and Lei Huang},
title = {{Collaborative development of diffraction-limited beamline optical systems at US DOE light sources}},
volume = {11109},
booktitle = {Advances in Metrology for X-Ray and EUV Optics VIII},
editor = {Lahsen Assoufid and Haruhiko Ohashi and Anand Asundi},
organization = {International Society for Optics and Photonics},
publisher = {SPIE},
pages = {65 -- 81},
keywords = {beamline, wavefront sensor, Hartmann, shearing, Talbot, modeling, adaptive optics, modeling},
journal = {SPIE Proceedings},
year = {2019},
doi = {10.1117/12.2530817},
URL = {https://doi.org/10.1117/12.2530817}
}

@article{cutler,
title = "A liquid-nitrogen-cooled-silicon mirror for the Advanced Light Source Upgrade",
journal = "J. Synchrotron Rad.",
volume = "",
number = "",
pages = "",
year = "2020",
note = {Accepted. Manuscript ve5130},
author = "Cutler, G and Cocco, D and DiMasi, E and Morton, S and Sanchez del Rio, M and Padmore, H A",
keywords = ""
}

@article{reininger2005,
title = "High resolution, large spectral range, in variable-included-angle soft X-ray monochromators using a plane VLS grating",
journal = "Nuclear Instruments and Methods in Physics Research Section A: Accelerators, Spectrometers, Detectors and Associated Equipment",
volume = "538",
number = "1",
pages = "760 - 770",
year = "2005",
issn = "0168-9002",
doi = "https://doi.org/10.1016/j.nima.2004.09.007",
url = "https://doi.org/10.1016/j.nima.2004.09.007",
author = "Reininger, Ruben and de Castro, A.R.B.",
keywords = "Synchrotron radiation, Monochromator, Soft X-ray, Variable line spacing grating"
}

@book{paganin,
  title={Coherent X-Ray Optics},
  author={Paganin, D. M.},
  year={2006},
  publisher={Oxford University Press}
}

@software{SRCALC,
  author = {Reininger, R.},
  title = {{SRCALC}},
  date = {2001-2020},
  note = {Unpublished}, 
  year={2001},
}

@article{Raimondi2014,
  doi = {10.1051/0004-6361/201424907},
  url = {https://doi.org/10.1051/0004-6361/201424907},
  year = {2014},
  month = dec,
  publisher = {{EDP} Sciences},
  volume = {573},
  pages = {A22},
  author = {L. Raimondi and D. Spiga},
  title = {Mirrors for X-ray telescopes: Fresnel diffraction-based computation of point spread functions from metrology},
  journal = {Astronomy {\&} Astrophysics}
}

@article{Marechal,
	year = 1947,
	volume = {26},
	pages = {257-277},
	author = {Marechal, A.},
	title = {Etude des effets combines de la diffraction et des aberrations geometriques sur l'image d'un point lumineux},
	journal = {Rev. Optique}
	}

@article{Zhang,
	doi = {10.1088/1742-6596/425/5/052029},
	url = {https://doi.org/:10.1088/1742-6596/425/5/052029},
	year = 2013,
	month = {mar},
	publisher = {{IOP} Publishing},
	volume = {425},
	number = {5},
	pages = {052029},
	author = {L Zhang and R Barrett and K Friedrich and P Glatzel and T Mairs and P Marion and G Monaco and C Morawe and T Weng},
	title = {Thermal distortion minimization by geometry optimization for water-cooled white beam mirror or multilayer optics},
	journal = {Journal of Physics: Conference Series}
	}


@article{hyerarchical,
author = "Sanchez del Rio, Manuel and Celestre, Rafael and Glass, Mark and Pirro, Giovanni and Herrera, Juan Reyes and Barrett, Ray and da Silva, Julio Cesar and Cloetens, Peter and Shi, Xianbo and Rebuffi, Luca",
title = "{A hierarchical approach for modeling X-ray beamlines: application to a coherent beamline}",
journal = "Journal of Synchrotron Radiation",
year = "2019",
volume = "26",
number = "6",
pages = "1887--1901",
month = "Nov",
doi = {10.1107/S160057751901213X},
url = {https://doi.org/10.1107/S160057751901213X},
keywords = {beamline, simulations},
}

@article{codeSPECTRA,
author = "Tanaka, Takashi and Kitamura, Hideo",
title = "{{\it SPECTRA}: a synchrotron radiation calculation code}",
journal = "Journal of Synchrotron Radiation",
year = "2001",
volume = "8",
number = "6",
pages = "1221--1228",
month = "Nov",
doi = {10.1107/S090904950101425X},
url = {https://doi.org/10.1107/S090904950101425X},
keywords = {computer code, synchrotron radiation sources, numerical methods},
}

@article{deltaundulator,
title = "Delta undulator model: Magnetic field and beam test results",
journal = "Nuclear Instruments and Methods in Physics Research Section A: Accelerators, Spectrometers, Detectors and Associated Equipment",
volume = "649",
number = "1",
pages = "42 - 45",
year = "2011",
note = "National Synchrotron Radiation Instrumentation conference in 2010",
issn = "0168-9002",
doi = "https://doi.org/10.1016/j.nima.2010.11.011",
url = "https://doi.org/10.1016/j.nima.2010.11.011",
author = "A. Temnykh and M. Babzien and D. Davis and M. Fedurin and K. Kusche and J. Park and V. Yakimenko",
keywords = "Undulator magnet",
}

@article{arxivCF,
    author = {Sanchez del Rio, M.},
    journal = {ArXiv},
    publisher = {Cornell University},
    title = {About the coherent fraction of synchrotron emission},
    year = {2018},
    url = {https://arxiv.org/abs/1801.07542},
}

@article{codeSHADOW,
    author = "Sanchez del Rio, M. and Canestrari, N. and Jiang, F. and Cerrina, F.",
    title = "{{\it SHADOW3}: a new version of the synchrotron X-ray optics modelling package}",
    journal = "Journal of Synchrotron Radiation",
    url = {http://dx.doi.org/10.1117/12.893433},
    year = "2011",
    volume = "18",
    number = "5",
    pages = "708--716",
}

@article{codeSHADOWOUI,
    author = "Rebuffi, L. and Sanchez del Rio, M.",
    title = "{{\it ShadowOui}: a new visual environment for X-ray optics and synchrotron beamline simulations}",
    journal = "Journal of Synchrotron Radiation",
    url={https://doi.org/10.1107/S1600577516013837},
    year = "2016",
    volume = "23",
    number = "6",
    pages = "1357--1367",
    month = "November"
}

@article{codeWOFRY,
author = {Rebuffi, L. and Sanchez del Rio, M.},
title = {Interoperability and complementarity of simulation tools for beamline design in the OASYS environment},
journal = {Proc. SPIE},
volume = {10388},
year = {2017},
doi = {10.1117/12.2274232},
URL = {https://doi.org/10.1117/12.2274232},
eprint = {}
}

@article{codeSRW,
    author = {O. Chubar and P. Elleaume},
    title = {Accurate and efficient computation of synchrotron radiation in the near field region},
    journal = {Proceedings of the 6th European Particle Accelerator Conference - EPAC-98},
    pages = {1177--1179},
    url = {http://accelconf.web.cern.ch/AccelConf/e98/PAPERS/THP01G.PDF},
    year = {1998},
}

@article{codeOASYS,
author = {Rebuffi, L. and Sanchez del Rio, M.},
title = {OASYS (OrAnge SYnchrotron Suite): an open-source graphical environment for x-ray virtual experiments},
journal = {Proc. SPIE},
volume = {10388},
number = {},
pages = {10388 - 10388 - 9},
year = {2017},
doi = {10.1117/12.2274263},
URL = {http://dx.doi.org/10.1117/12.2274263},
eprint = {}
}

@Misc{codeCOMSYL,
author = {Glass, M.},
year = {2017},
title = "{COMSYL, COherent Modes for SYnchrotron Light}",
URL = {http://github.com/mark-glass/comsyl},
}

@article{coherentfraction,
      author         = "Sanchez del Rio, Manuel",
      title          = "{About the coherent fraction of synchrotron emission}",
      year           = "2018",
      eprint         = "1801.07542",
      archivePrefix  = "arXiv",
      primaryClass   = "physics.acc-ph",
      SLACcitation   = "%%CITATION = ARXIV:1801.07542;%%"
}

@article{hybrid,
author = "Shi, Xianbo and Reininger, Ruben and Sanchez del Rio, Manuel and Assoufid, Lahsen",
title = "{A hybrid method for X-ray optics simulation: combining geometric ray-tracing and wavefront propagation}",
journal = "Journal of Synchrotron Radiation",
year = "2014",
volume = "21",
number = "4",
pages = "669--678",
month = "Jul",
doi = {10.1107/S160057751400650X},
url = {https://doi.org/10.1107/S160057751400650X},
keywords = {hybrid method, beamline design, X-ray optics simulation, ray-tracing, wavefront propagation, partial coherence},
}

@article{Canestrari2014,
    author = "Canestrari, N. and Chubar, O. and Reininger, R.",
    title = "{Partially coherent X-ray wavefront propagation simulations including grazing-incidence focusing optics}",
    journal = "Journal of Synchrotron Radiation",
    year = "2014",
    volume = "21",
    number = "5",
    pages = "1110--1121",
    month = "Sep",
    doi = {10.1107/S1600577514013058},
    url = {https://doi.org/10.1107/S1600577514013058},
}

@article{Chubar2011b,
    author = { Chubar, O. and Berman, L. and Chu, Y. S. and Fluerasu, S. and Hulbert, S. and Idir, M. and Kaznatcheev, K. and Shapiro, D. and Shen, Q. and Baltser, J.},
    title = {Development of partially-coherent wavefront propagation simulation methods for 3rd and 4th generation synchrotron radiation sources},
    journal = {Proc. SPIE},
    volume = {8141},
    number = {},
    pages = {8141 - 8141 - 10},
    year = {2011},
    doi = {10.1117/12.892812},
    URL = {http://dx.doi.org/10.1117/12.892812}
}

@article{GlassEPL,
  author="Glass, M. and Sanchez del Rio, M.",
  title={Coherent modes of X-ray beams emitted by undulators in new storage rings},
  journal={EPL (Europhysics Letters)},
  volume={119},
  number={3},
  pages={34004},
  doi = {10.1209/0295-5075/119/34004},
  url={http://doi.org/10.1209/0295-5075/119/34004},
  year={2017},
}

@article{dabam,
author = "Sanchez del Rio, Manuel and Bianchi, Davide and Cocco, Daniele and Glass, Mark and Idir, Mourad and Metz, Jim and Raimondi, Lorenzo and Rebuffi, Luca and Reininger, Ruben and Shi, Xianbo and Siewert, Frank and Spielmann-Jaeggi, Sibylle and Takacs, Peter and Tomasset, Muriel and Tonnessen, Tom and Vivo, Amparo and Yashchuk, Valeriy",
title = "{DABAM: an open-source database of X-ray mirrors metrology}",
journal = "Journal of Synchrotron Radiation",
year = "2016",
volume = "23",
number = "3",
pages = "665--678",
month = "May",
doi = {10.1107/S1600577516005014},
url = {https://doi.org/10.1107/S1600577516005014},
keywords = {X-ray mirror, metrology, database, Python, statistics},
}

@book{jackson,
  title={Classical electrodynamics},
  author={Jackson, J. D.},
  isbn={0-471-30932-X},
  year={1999},
  publisher={Wiley}
}

@Article{wise,
author = {D. Spiga and D.  Cocco and C. L.  Hardin and D. S. Morton and M. L.  Ng},
title = {Simulating the optical performances of the LCLS bendable mirrors using a 2D physical optics approach},
journal = {Proceedings SPIE},
volume = {10761},
pages = {1076107},
year = {2018},
doi = {10.1117/12.2323253},
URL = {https://doi.org/10.1117/12.2323253},
eprint = {}
}

@mastersthesis{pirro,
  author       = {Giovanni Pirro}, 
  title        = {Applications of Scaled Wave Optics Propagator to Model Synchrotron Beamlines},
  school       = {Politecnico di Milano},
  year         = 2017,
  howpublished = "\url{https://github.com/oasys-kit/wofry/blob/master/doc/pirro_thesis.pdf}"
}

@book{schmidt,
	author = {Schmidt, Jason D.},
	title = {Numerical Simulation of Optical Wave Propagation},
	publisher = {SPIE Press},
	address = {Bellingham, WA, USA}, 
	year = {2010},
}

@Book{goodmanfourier,
  Title                    = {Introduction to Fourier Optics},
  Author                   = {J. W. Goodman},
  Publisher                = {w.h.freeman},
  Year                     = {2017},
  Address                  = {New Yor, USA},
  Edition                  = {Four},
  ISBN                     = {10: 1-319-11916-6}
}

@book{bornwolf,
  author = {Born, Max and Wolf, Emil},
  edition = {7th},
  isbn = {0521642221},
  publisher = {Cambridge University Press},
  timestamp = {2009-05-17T11:48:37.000+0200},
  title = {Principles of Optics: Electromagnetic Theory of Propagation, Interference and Diffraction of Light (7th Edition)},
  year = 1999
}

@article{firstShadow,
author = { F. Cerrina},
journal = {Proc. SPIE},
title = {Ray Tracing Of Recent VUV Monochromator Designs},
volume = {0503},
year = {1984},
doi = {10.1117/12.944815},
URL = {https://doi.org/10.1117/12.944815},
eprint = {}
}
}

